@ARTICLE{ Cardosoblind,
  AUTHOR =      "J.F.Cardoso and A.Soulumniac",
  TITLE =        "Blind beamforming for non-gaussian signals",
  JOURNAL =      "IEEE PROCEEDINGS F",
  YEAR =         "DICEMBER 2005",
}

@MASTERSTHESIS{ tesisilvia,
  AUTHOR =       "Silvia Muceli",
  TITLE =        "Studio e implementazione di algoritmi on-line per l'estrazione cieca dell'elettrocardiogramma fetale",
  SCHOOL =       "Universita degli studi di Cagliari, Ingegneria Elettronica",
  YEAR =         "AA 2005/2006",
}
