@INPROCEEDINGS{6968763, 
author={G. Congiu and M. Grawinkel and F. Padua and J. Morse and T. Süß and A. Brinkmann}, 
booktitle={2014 IEEE International Conference on Cluster Computing (CLUSTER)}, 
title={POSTER: Optimizing scientific file I/O patterns using advice based knowledge}, 
year={2014}, 
pages={282-283}, 
keywords={cache storage;data structures;storage management;advice based knowledge;data prefetching;file pattern optimization;file system interfaces;storage system utilization;Kernel;Sockets;Sun}, 
doi={10.1109/CLUSTER.2014.6968763}, 
ISSN={1552-5244}, 
month={Sept},}

@INPROCEEDINGS{7776485, 
author={G. Congiu and S. Narasimhamurthy and T. Süß and A. Brinkmann}, 
booktitle={2016 IEEE International Conference on Cluster Computing (CLUSTER)}, 
title={Improving Collective I/O Performance Using Non-volatile Memory Devices}, 
year={2016}, 
pages={120-129}, 
keywords={Bandwidth;Layout;Memory management;Nonvolatile memory;Performance evaluation;Servers;Synchronization;Collective I/O;HPC;MPI-IO;Non-Volatile Memory}, 
doi={10.1109/CLUSTER.2016.37}, 
month={Sept},}
